<record><leader>00000cas a2200000 a 4500</leader><controlfield tag="001">10368443</controlfield><controlfield tag="007">hd afv---baca</controlfield><controlfield tag="008">840202d18691905miuwr nea     0    0eng d</controlfield><datafield ind1=" " ind2=" " tag="010"><subfield code="a">sf 89091804 </subfield></datafield><datafield ind1=" " ind2=" " tag="040"><subfield code="a">PES</subfield><subfield code="b">eng</subfield><subfield code="c">PES</subfield><subfield code="d">DLC</subfield><subfield code="d">FUG</subfield><subfield code="d">OCLCQ</subfield><subfield code="d">BUF</subfield><subfield code="d">OCLCQ</subfield><subfield code="d">OCLCF</subfield><subfield code="d">OCLCO</subfield></datafield><datafield ind1=" " ind2=" " tag="042"><subfield code="a">msc</subfield></datafield><datafield ind1=" " ind2=" " tag="043"><subfield code="a">n-us-mi</subfield></datafield><datafield ind1="0" ind2="0" tag="050"><subfield code="a">Microfilm 01104 no. 1504-1517 AP</subfield></datafield><datafield ind1="1" ind2="4" tag="050"><subfield code="a">AP2</subfield><subfield code="b">.A64</subfield></datafield><datafield ind1=" " ind2=" " tag="092"><subfield code="a">051</subfield><subfield code="b">A51p2</subfield></datafield><datafield ind1="0" ind2="0" tag="245"><subfield code="a">Michigan farmer and state journal of agriculture</subfield><subfield code="h">[microform].</subfield></datafield><datafield ind1="3" ind2="0" tag="246"><subfield code="a">Michigan farmer</subfield></datafield><datafield ind1=" " ind2=" " tag="260"><subfield code="a">Detroit :</subfield><subfield code="b">Johnstone &amp; Gibbons,</subfield><subfield code="c">-1905.</subfield></datafield><datafield ind1=" " ind2=" " tag="300"><subfield code="a">v. :</subfield><subfield code="b">ill. ;</subfield><subfield code="c">58 cm.</subfield></datafield><datafield ind1=" " ind2=" " tag="310"><subfield code="a">Weekly</subfield></datafield><datafield ind1="1" ind2=" " tag="362"><subfield code="a">Began May 15, 1869.</subfield><subfield code="z">Cf. Farmer, S. Hist. of Detroit and Mich., 1884.</subfield></datafield><datafield ind1="0" ind2=" " tag="362"><subfield code="a">-v. 48, no. 7 (Aug. 12, 1905).</subfield></datafield><datafield ind1=" " ind2=" " tag="500"><subfield code="a">Pagination is irregular. Several pages are stained, torn, and have print faded with some loss of text. Some issues are misnumbered and contain supplements.</subfield></datafield><datafield ind1=" " ind2=" " tag="588"><subfield code="a">Description based on: Vol. 12, no. 1 (Jan. 4, 1881); title from caption.</subfield></datafield><datafield ind1=" " ind2=" " tag="533"><subfield code="a">Microfilm.</subfield><subfield code="b">Ann Arbor, Mich. :</subfield><subfield code="c">Xerox University Microfilms,</subfield><subfield code="d">1975.</subfield><subfield code="e">14 microfilm reels ; 35 mm.</subfield><subfield code="f">(American periodical series, 1800-1850 ; 1504-1517).</subfield></datafield><datafield ind1=" " ind2="0" tag="650"><subfield code="a">Agriculture</subfield><subfield code="z">Michigan</subfield><subfield code="v">Newspapers.</subfield></datafield><datafield ind1=" " ind2="0" tag="651"><subfield code="a">Detroit (Mich.)</subfield><subfield code="v">Newspapers.</subfield></datafield><datafield ind1=" " ind2="0" tag="651"><subfield code="a">Wayne County (Mich.)</subfield><subfield code="v">Newspapers.</subfield></datafield><datafield ind1=" " ind2="7" tag="655"><subfield code="a">Newspapers.</subfield><subfield code="2">fast</subfield><subfield code="0">(OCoLC)fst01423814</subfield></datafield><datafield ind1=" " ind2="7" tag="650"><subfield code="a">Agriculture.</subfield><subfield code="2">fast</subfield><subfield code="0">(OCoLC)fst00801355</subfield></datafield><datafield ind1=" " ind2="7" tag="651"><subfield code="a">Michigan.</subfield><subfield code="2">fast</subfield><subfield code="0">(OCoLC)fst01208387</subfield></datafield><datafield ind1=" " ind2="7" tag="651"><subfield code="a">Michigan</subfield><subfield code="z">Detroit.</subfield><subfield code="2">fast</subfield><subfield code="0">(OCoLC)fst01205010</subfield></datafield><datafield ind1=" " ind2="7" tag="651"><subfield code="a">Michigan</subfield><subfield code="z">Wayne County.</subfield><subfield code="2">fast</subfield><subfield code="0">(OCoLC)fst01206628</subfield></datafield><datafield ind1=" " ind2=" " tag="752"><subfield code="a">United States</subfield><subfield code="b">Michigan</subfield><subfield code="c">Wayne</subfield><subfield code="d">Detroit.</subfield></datafield><datafield ind1="1" ind2=" " tag="776"><subfield code="c">Original</subfield><subfield code="w">(DLC)sn 85033943</subfield><subfield code="w">(OCoLC)12347265</subfield></datafield><datafield ind1="0" ind2="0" tag="780"><subfield code="t">Michigan farmer (1845)</subfield><subfield code="w">(DLC)sf 88092882</subfield><subfield code="w">(OCoLC)8191277</subfield></datafield><datafield ind1="0" ind2="0" tag="785"><subfield code="t">Michigan farmer and livestock journal</subfield><subfield code="w">(DLC)sf 89091806</subfield><subfield code="w">(OCoLC)10368465</subfield></datafield><datafield ind1=" " ind2="0" tag="830"><subfield code="a">American periodical series, 1800-1850 ;</subfield><subfield code="v">1504-1517.</subfield></datafield></record>